@inproceedings{h05,
	title={Metas para infla{\c{c}}{\~a}o e vari{\'a}veis macroecon{\^o}micas: uma avalia{\c{c}}{\~a}o emp{\'\i}rica},
	author={Mendon{\c{c}}a, Helder Ferreira and others},
	booktitle={Anais do XXXIII Encontro Nacional de Economia [Proceedings of the 33rd Brazilian Economics Meeting]},
	number={040},
	year={2005},
	organization={ANPEC-Associação Nacional de Pós-Graduação em Economia
	}
}

@article{h19,
	title={Mensurando a credibilidade do regime de metas inflacion{\'a}rias no Brasil},
	author={Mendon{\c{c}}a, Helder Ferreira de },
	journal={Brazilian Journal of Political Economy},
	volume={24},
	pages={346--353},
	year={2004},
	publisher={SciELO Brasil}
}

@article{nb08,
	title={Inflation targeting in Brazil: 1999--2006},
	author={Barbosa-Filho, Nelson H},
	journal={International Review of Applied Economics},
	volume={22},
	number={2},
	pages={187--200},
	year={2008},
	publisher={Taylor \& Francis}
}

@article{p11,
	title={Inflation targeting in Brazil},
	author={Arestis, Philip and Ferrari-Filho, Fernando and de Paula, Luiz Fernando},
	journal={International Review of Applied Economics},
	volume={25},
	number={2},
	pages={127--148},
	year={2011},
	publisher={Taylor \& Francis}
}

@article{c15,
	title={Regime de metas de infla{\c{c}}{\~a}o no Brasil: metodologia VAR e an{\'a}lise de fun{\c{c}}{\~o}es impulso-resposta},
	author={Correa, Andr{\'e} Luiz and Capelato, {\'E}rika},
	journal={Proceeding Series of the Brazilian Society of Computational and Applied Mathematics},
	volume={3},
	number={1},
	year={2015}
}

@article{s80,
	title={Macroeconomics and reality},
	author={Sims, Christopher A},
	journal={Econometrica: journal of the Econometric Society},
	pages={1--48},
	year={1980},
	publisher={JSTOR}
}

@article{e15,
	title={Applied econometric time series fourth edition},
	author={Enders, Walter},
	journal={New York (US): University of Alabama},
	year={2015}
}

@article{g11,
  title={Economia Brasileira Contempor{\^a}nea: 1945-2010},
  author={Hermann, J and Giambiagi, F and Villela, A and Barros de Castro, L and Hermann, J},
  journal={Rio de Janeiro},
  year={2011}
}